@article{CANFIELD19831,
    title = {On a problem of Oppenheim concerning “factorisatio numerorum”},
    journal = {Journal of Number Theory},
    volume = {17},
    number = {1},
    pages = {1-28},
    year = {1983},
    author = {E. Canfield and P. Erdös and C. Pomerance},
}

@article{bams/1183502136,
    author = {A. Brauer},
    title = {{On addition chains}},
    volume = {45},
    journal = {Bulletin of the American Mathematical Society},
    number = {10},
    publisher = {American Mathematical Society},
    pages = {736 -- 739},
    year = {1939},
}

@article{10.1145/322344.322355,
    author = {D. Matula},
    title = {Basic Digit Sets for Radix Representation},
    year = {1982},
    issue_date = {Oct. 1982},
    publisher = {Association for Computing Machinery},
    address = {New York, NY, USA},
    volume = {29},
    number = {4},
    journal = {J. ACM},
    month = oct,
    pages = {1131–1143},
    numpages = {13}
}