@article{CANFIELD19831,
    title = {On a problem of Oppenheim concerning “factorisatio numerorum”},
    journal = {Journal of Number Theory},
    volume = {17},
    number = {1},
    pages = {1-28},
    year = {1983},
    author = {E. Canfield and P. Erdös and C. Pomerance},
}

@article{bams/1183502136,
    author = {A. Brauer},
    title = {{On addition chains}},
    volume = {45},
    journal = {Bulletin of the American Mathematical Society},
    number = {10},
    publisher = {American Mathematical Society},
    pages = {736 -- 739},
    year = {1939},
}

@article{10.1145/322344.322355,
    author = {D. Matula},
    title = {Basic Digit Sets for Radix Representation},
    year = {1982},
    issue_date = {Oct. 1982},
    publisher = {Association for Computing Machinery},
    address = {New York, NY, USA},
    volume = {29},
    number = {4},
    journal = {J. ACM},
    month = oct,
    pages = {1131–1143},
    numpages = {13}
}

@article{bams/1183493592,
    author = {G. H. Hardy},
    title = {{An introduction to the theory of numbers}},
    volume = {35},
    journal = {Bulletin of the American Mathematical Society},
    number = {6},
    publisher = {American Mathematical Society},
    pages = {778 -- 818},
    year = {1929}
}

@ARTICLE{Pomerance96atale,
    author = {C. Pomerance},
    title = {A tale of two sieves},
    journal = {NOTICES AMER. MATH. SOC},
    year = {1996},
    volume = {43},
    pages = {1473--1485}
}

@ARTICLE{54902,
    author = {Wiener, M. J.},
    journal = {IEEE Transactions on Information Theory}, 
    title = {Cryptanalysis of short RSA secret exponents}, 
    year = {1990},
    volume = {36},
    number = {3},
    pages = {553-558}
}

@ARTICLE{1055817,
    author={Pohlig, S. and Hellman, M.},
    journal={IEEE Transactions on Information Theory}, 
    title={An improved algorithm for computing logarithms over GF($p$) and its cryptographic significance (Corresp.)}, 
    year={1978},
    volume={24},
    number={1},
    pages={106-110}
}

@InProceedings{10.1007/3-540-68339-9_34,
    author="Bellare, M. and Rogaway, P.",
    editor="Maurer, Ueli",
    title="The Exact Security of Digital Signatures-How to Sign with RSA and Rabin",
    booktitle="Advances in Cryptology --- EUROCRYPT '96",
    year="1996",
    publisher="Springer Berlin Heidelberg",
    address="Berlin, Heidelberg",
    pages="399--416"
}

@book{10.5555/1481183,
    author = {Hoffstein, J. and Pipher, J. and Silverman, J. H.},
    title = {An Introduction to Mathematical Cryptography},
    year = {2008},
    isbn = {0387779930},
    publisher = {Springer Publishing Company, Incorporated},
    edition = {1},
}

@article{10.2307/2007968,
    author = {R. Schoof},
    journal = {Mathematics of Computation},
    number = {170},
    pages = {483--494},
    publisher = {American Mathematical Society},
    title = {Elliptic Curves Over Finite Fields and the Computation of Square Roots $\operatorname{mod} p$},
    volume = {44},
    year = {1985}
}

@article{10.2307/1971363,
    author = {H. W. Lenstra},
    journal = {Annals of Mathematics},
    number = {3},
    pages = {649--673},
    publisher = {Annals of Mathematics},
    title = {Factoring Integers with Elliptic Curves},
    volume = {126},
    year = {1987}
}
